% bib of the final paper.