@article{standard1975graphic,
  title={Graphic Symbols for Electrical and Electronics Diagrams},
  author={Standard, Canadian},
  year={1975}
}

% -----------


@inproceedings{chhabra1997graphic,
  title={Graphic symbol recognition: An overview},
  author={Chhabra, Atul K},
  booktitle={International Workshop on Graphics Recognition},
  pages={68--79},
  year={1997},
  organization={Springer}
}

@inproceedings{llados2001symbol,
  title={Symbol recognition: Current advances and perspectives},
  author={Llad{\'o}s, Josep and Valveny, Ernest and S{\'a}nchez, Gemma and Mart{\'\i}, Enric},
  booktitle={International Workshop on Graphics Recognition},
  pages={104--128},
  year={2001},
  organization={Springer}
}

% -----------

@inproceedings{ouyang2009visual,
  title={A Visual Approach to Sketched Symbol Recognition.},
  author={Ouyang, Tom Y and Davis, Randall},
  booktitle={IJCAI},
  volume={9},
  pages={1463--1468},
  year={2009}
}

@incollection{lee1992recognizing,
  title={Recognizing hand-drawn electrical circuit symbols with attributed graph matching},
  author={Lee, Seong-Whan},
  booktitle={Structured document image analysis},
  pages={340--358},
  year={1992},
  publisher={Springer}
}

@article{groen1985symbol,
  title={Symbol recognition in electrical diagrams using probabilistic graph matching},
  author={Groen, Frans CA and Sanderson, Arthur C and Schlag, John F},
  journal={Pattern Recognition Letters},
  volume={3},
  number={5},
  pages={343--350},
  year={1985},
  publisher={Elsevier}
}

@article{feng2009line,
  title={On-line hand-drawn electric circuit diagram recognition using 2D dynamic programming},
  author={Feng, Guihuan and Viard-Gaudin, Christian and Sun, Zhengxing},
  journal={Pattern Recognition},
  volume={42},
  number={12},
  pages={3215--3223},
  year={2009},
  publisher={Elsevier}
}